% Encoding: UTF-8

@article{DBLP:journals/corr/abs-2103-06752,
  author    = {Daniel Vollmers and
               Rricha Jalota and
               Diego Moussallem and
               Hardik Topiwala and
               Axel{-}Cyrille Ngonga Ngomo and
               Ricardo Usbeck},
  title     = {Knowledge Graph Question Answering using Graph-Pattern Isomorphism},
  journal   = {CoRR},
  volume    = {abs/2103.06752},
  year      = {2021},
  url       = {https://arxiv.org/abs/2103.06752},
  eprinttype = {arXiv},
  eprint    = {2103.06752},
  timestamp = {Tue, 16 Mar 2021 11:26:59 +0100},
  biburl    = {https://dblp.org/rec/journals/corr/abs-2103-06752.bib},
  bibsource = {dblp computer science bibliography, https://dblp.org}
}

@Comment{jabref-meta: databaseType:bibtex;}
